@article{tanenbaum2007distributed,
  title={Distributed systems: principles and paradigms},
  author={Tanenbaum, Andrew S and Van Steen, Maarten},
  journal={Pearson Prentice Hall},
  year={2007},
  publisher={Pearson Education}
}
@inproceedings{gardner2014bayesian,
  author    = {Jacob R. Gardner and Matt J. Kusner and Zhixiang Eddie Xu and Kilian Q. Weinberger and John P. Cunningham},
  title     = {Bayesian Optimization with Inequality Constraints},
  booktitle = {Proceedings of the 31st International Conference on Machine Learning (ICML)},
  year      = {2014},
  volume    = {32},
  pages     = {937--945},
  month     = jun,
  publisher = {JMLR Workshop and Conference Proceedings},
  url       = {https://proceedings.mlr.press/v32/gardner14.html}
}
@article{mora2023analisis,
  title={An{\'a}lisis de series temporales en estaciones meteorol{\'o}gicas para la predicci{\'o}n de la precipitaci{\'o}n en la ciudad de Manizales, Colombia},
  author={Mora, CA Pulzara and Losada, JD Losada},
  journal={Revista de Climatolog{\'\i}a},
  volume={23},
  pages={58--70},
  year={2023},
  publisher={Revista de Climatolog{\'\i}a}
}

@article{bezold2021sensor,
  title={Sensor-based fall risk assessment in older adults with or without cognitive impairment: a systematic review},
  author={Bezold, Jelena and Krell-Roesch, Janina and Eckert, Tobias and Jekauc, Darko and Woll, Alexander},
  journal={European review of aging and physical activity},
  volume={18},
  number={1},
  pages={15},
  year={2021},
  publisher={Springer}
}

@article{tran2020drill,
  title={Drill fault diagnosis based on the scalogram and mel spectrogram of sound signals using artificial intelligence},
  author={Tran, Thanh and Lundgren, Jan},
  journal={Ieee Access},
  volume={8},
  pages={203655--203666},
  year={2020},
  publisher={IEEE}
}

@article{10.1162/neco.1997.9.8.1735,
    author = {Hochreiter, Sepp and Schmidhuber, Jürgen},
    title = {Long Short-Term Memory},
    journal = {Neural Computation},
    volume = {9},
    number = {8},
    pages = {1735-1780},
    year = {1997},
    month = {11},
    abstract = {Learning to store information over extended time intervals by recurrent backpropagation takes a very long time, mostly because of insufficient, decaying error backflow. We briefly review Hochreiter's (1991) analysis of this problem, then address it by introducing a novel, efficient, gradient based method called long short-term memory (LSTM). Truncating the gradient where this does not do harm, LSTM can learn to bridge minimal time lags in excess of 1000 discrete-time steps by enforcing constant error flow through constant error carousels within special units. Multiplicative gate units learn to open and close access to the constant error flow. LSTM is local in space and time; its computational complexity per time step and weight is O. 1. Our experiments with artificial data involve local, distributed, real-valued, and noisy pattern representations. In comparisons with real-time recurrent learning, back propagation through time, recurrent cascade correlation, Elman nets, and neural sequence chunking, LSTM leads to many more successful runs, and learns much faster. LSTM also solves complex, artificial long-time-lag tasks that have never been solved by previous recurrent network algorithms.},
    issn = {0899-7667},
    doi = {10.1162/neco.1997.9.8.1735},
    url = {https://doi.org/10.1162/neco.1997.9.8.1735},
    eprint = {https://direct.mit.edu/neco/article-pdf/9/8/1735/813796/neco.1997.9.8.1735.pdf},
}
@article{carlson2013action,
  title={Action [J]},
  author={Carlson, Josiah L},
  journal={Media. johnwiley. com. au},
  year={2013}
}
@incollection{aggarwal2016introduction,
  title={An introduction to outlier analysis},
  author={Aggarwal, Charu C},
  booktitle={Outlier analysis},
  pages={1--34},
  year={2016},
  publisher={Springer}
}
@article{goldsborough2016,
author = {Goldsborough, Peter},
year = {2016},
month = {10},
pages = {},
title = {A Tour of TensorFlow},
journal = {arXiv:1610.01178 [cs]},
url = {https://arxiv.org/pdf/1610.01178},
doi = {10.48550/arXiv.1610.01178}
}
@article{vaswani2017attention,
  title={Attention is all you need},
  author={Vaswani, Ashish and Shazeer, Noam and Parmar, Niki and Uszkoreit, Jakob and Jones, Llion and Gomez, Aidan N and Kaiser, {\L}ukasz and Polosukhin, Illia},
  journal={Advances in neural information processing systems},
  volume={30},
  year={2017}
}
@inproceedings{malhotra2015long,
  title={Long short term memory networks for anomaly detection in time series},
  author={Malhotra, Pankaj and Vig, Lovekesh and Shroff, Gautam and Agarwal, Puneet and others},
  booktitle={Proceedings},
  volume={89},
  number={9},
  pages={94},
  year={2015}
}
@article{boldt2020anomaly,
  title={Anomaly detection of event sequences using multiple temporal resolutions and Markov chains},
  author={Boldt, Martin and Borg, Anton and Ickin, Selim and Gustafsson, J{\"o}rgen},
  journal={Knowledge and Information Systems},
  volume={62},
  number={2},
  pages={669--686},
  year={2020},
  publisher={Springer}
}
@article{pons2019deep,
  title={Deep neural networks for music and audio tagging},
  journal={IEEE/ACM Transactions on Audio, Speech, and Language Processing},
  author={Pons Puig, Jordi and others},
  year={2019},
  url={https://jordipons.me/media/PhD_Thesis_JordiPons.pdf},
  publisher={Universitat Pompeu Fabra}
}
@inproceedings{gemmeke2017audio,
  title={Audio set: An ontology and human-labeled dataset for audio events},
  author={Gemmeke, Jort F and Ellis, Daniel PW and Freedman, Dylan and Jansen, Aren and Lawrence, Wade and Moore, R Channing and Plakal, Manoj and Ritter, Marvin},
  booktitle={2017 IEEE international conference on acoustics, speech and signal processing (ICASSP)},
  pages={776--780},
  year={2017},
  organization={IEEE}
}

@article{luis2024desarrollo,
  title={Desarrollo de aplicaciones IoT: metodolog{\'\i}as y estrategias},
  author={Luis-Garc{\'\i}a, Luis Carlos and G{\'o}mez, Andr{\'e}s Rodolfo Torres},
  journal={European Public \& Social Innovation Review},
  volume={9},
  pages={1--18},
  year={2024}
}

@article{liu2012isolation,
  title={Isolation-based anomaly detection},
  author={Liu, Fei Tony and Ting, Kai Ming and Zhou, Zhi-Hua},
  journal={ACM Transactions on Knowledge Discovery from Data (TKDD)},
  volume={6},
  number={1},
  pages={1--39},
  year={2012},
  publisher={ACM New York, NY, USA}
}

@article{hochreiter1997long,
  title={Long short-term memory},
  author={Hochreiter, Sepp and Schmidhuber, J{\"u}rgen},
  journal={Neural computation},
  volume={9},
  number={8},
  pages={1735--1780},
  year={1997},
  publisher={MIT press}
}

@article{heaton2018ian,
  title={Ian goodfellow, yoshua bengio, and aaron courville: Deep learning: The mit press, 2016, 800 pp, isbn: 0262035618},
  author={Heaton, Jeff},
  journal={Genetic programming and evolvable machines},
  volume={19},
  number={1},
  pages={305--307},
  year={2018},
  publisher={Springer}
}

@article{reis2025edge,
  title={Edge AI for Real-Time Anomaly Detection in Smart Homes},
  author={Reis, Manuel JCS and Ser{\^o}dio, Carlos},
  journal={Future Internet},
  volume={17},
  number={4},
  pages={179},
  year={2025},
  publisher={MDPI}
}

@article{pena2016reciente,
  title={Reciente evoluci{\'o}n de los hogares unipersonales en Espa{\~n}a: una aproximaci{\'o}n sociol{\'o}gica},
  author={Pe{\~n}a, Francisco Alberto Vallejo},
  journal={WPS Review International on Sustainable Housing and Urban Renewal: RI-SHUR},
  number={3},
  pages={38--55},
  year={2016},
  publisher={Grupo de Investigaci{\'o}n Pasos Vivienda}
}

@misc{cepal_2005,
  author  = {{CEPAL}},
  title   = {Dinámica demográfica y desarrollo en América Latina y el Caribe},
  url     = {https://fiapam.org/wp-content/uploads/2012/10/lcl2235e-p.pdf},
  year    = {2005}
}

@article{shi_edge_2016,
  author  = {Shi, Weisong and Cao, Jie and Zhang, Quan and Li, Yong and Xu, Luyang},
  doi     = {10.1109/JIOT.2016.2579198},
  journal = {IEEE Internet of Things Journal},
  number  = {5},
  pages   = {637--646},
  title   = {Edge Computing: Vision and Challenges},
  volume  = {3},
  year    = {2016}
}

@article{igba_analysing_2016,
  author  = {Igba, John and Alemzadeh, Kasra and Durugbo, Christopher and Eiriksson, Einar T.},
  journal = {Renewable Energy},
  pages   = {90--106},
  title   = {Analysing RMS and peak values of vibration signals for condition monitoring of wind turbine gearboxes},
  volume  = {91},
  year    = {2016}
}

@article{boehm_spiral_1988,
  author  = {Boehm, Barry},
  journal = {ACM SIGSOFT Software Engineering Notes},
  number  = {4},
  pages   = {14--24},
  title   = {A spiral model of software development and enhancement},
  url = {https://www.cse.msu.edu/~cse435/Homework/HW3/boehm.pdf},
  volume  = {11},
  year    = {1988}
}

@article{mondragon_clasificacion_2021,
  author  = {Mondragón, Francisco J. and Pérez-Meana, Héctor M. and Calderón, Gerardo and Jiménez, Josué},
  doi     = {10.4067/S0718-07642021000200061},
  journal = {Información Tecnológica},
  number  = {2},
  pages   = {61--78},
  title   = {Clasificación de sonidos ambientales usando la transformada wavelet continúa y redes neuronales convolucionales},
  volume  = {32},
  year    = {2021}
}

@inproceedings{dolui_comparison_2017,
  author    = {Doluí, Koustav and Kanti Datta, Sriman},
  booktitle = {Global Internet of Things Summit (GloTS)},
  doi       = {10.1109/giots.2017.8016213},
  title     = {Comparison of Edge Computing implementations: Fog computing, cloudlet and mobile Edge Computing},
  year      = {2017}
}

@inproceedings{torija_metodologia_2018,
  author    = {Torija, Antonio and Ruiz, Pablo and Ramos-Diao, Antonio},
  booktitle = {Congreso Nacional de Acústica -- Tecniacústica 2018},
  title     = {Metodología para la identificación de eventos sonoros anómalos},
  year      = {2018},
  url       = {https://documentacion.sea-acustica.es/publicaciones/Coimbra08/id206.pdf}
}

@book{richardson_getting_2016,
  author    = {Richardson, Matt and Wallace, Shawn},
  edition   = {4},
  publisher = {Maker Media, Inc.},
  title     = {Getting Started with Raspberry Pi: An Introduction to the Fastest-Selling Computer in the World},
  year      = {2016},
  url       = {https://books.google.co.ve/books/about/Getting_Started_With_Raspberry_Pi.html?id=w4CkDAAAQBAJ&redir_esc=y}
}

@book{upton_raspberry_2020,
  author    = {Upton, Eben and Halfacree, Gareth},
  edition   = {4},
  publisher = {John Wiley \& Sons},
  title     = {Raspberry Pi User Guide},
  year      = {2020},
  url       = {https://www.perlego.com/book/997788/raspberry-pi-user-guide-pdf}
}

@book{russell_artificial_2022,
  author    = {Russell, Stuart and Norvig, Peter},
  edition   = {4},
  publisher = {Pearson},
  title     = {Artificial Intelligence: A Modern Approach},
  year      = {2022},
  url       = {http://lib.ysu.am/disciplines_bk/efdd4d1d4c2087fe1cbe03d9ced67f34.pdf}
}

@book{hernandez_metodologia_2014,
  author    = {Hernández, Roberto and Fernández, Carlos and Baptista, Pilar},
  edition   = {6},
  publisher = {McGraw-Hill},
  title     = {Metodología de la investigación},
  year      = {2014},
  url       = {https://www.esup.edu.pe/wp-content/uploads/2020/12/2.%20Hernandez,%20Fernandez%20y%20Baptista-Metodología%20Investigacion%20Cientifica%206ta%20ed.pdf}
}

@book{tamayo_proceso_2004,
  author    = {Tamayo, Mario},
  publisher = {Limusa},
  title     = {El proceso de la investigación científica},
  year      = {2004},
  url       = {https://www.gob.mx/cms/uploads/attachment/file/227860/El_proceso__de_la_investigaci_n_cient_fica_Mario_Tamayo.pdf}
}

@book{pressman_ingenieria_2010,
  author    = {Pressman, Roger},
  edition   = {7},
  publisher = {McGraw-Hill},
  title     = {Ingeniería del software: Un enfoque práctico},
  year      = {2010},
  url       = {https://www.academia.edu/87171392/Ingeniería_de_software_enfoque_practico_Roger_Pressman_7ma_edición}
}

@book{provost_data_2013,
  author    = {Provost, Foster and Fawcett, Tom},
  publisher = {O'Reilly Media},
  title     = {Data Science for Business: What You Need to Know about Data Mining and Data-Analytic Thinking},
  year      = {2013},
  url       = {https://www.researchgate.net/publication/256438799_Data_Science_for_Business}
}

@book{garcia_ciencia_2018,
  author    = {García, José and Molina, Joaquín and Berlanga, Antonio},
  publisher = {Alfaomega},
  title     = {Ciencia de Datos: Técnicas Analíticas y Aprendizaje Estadístico en un Enfoque Práctico},
  year      = {2018},
  url       = {https://d1wqtxts1xzle7.cloudfront.net/64031156/Ciencia_de_datos_2018-libre.pdf}
}

@book{hyndman_forecasting_2018,
  author    = {Hyndman, Rob J. and Athanasopoulos, George},
  edition   = {2},
  publisher = {OTexts},
  title     = {Forecasting: Principles and Practice},
  year      = {2018},
  url       = {https://otexts.com/fpp2/}
}

@misc{malmberg_real-time_2021,
  author  = {Malmberg, Christoffer and Radszuweit, David},
  title   = {Real-time Audio Classification on an Edge Device - Using YAMNet and TensorFlow Lite},
  url     = {https://www.diva-portal.org/smash/record.jsf?pid=diva2%3A1605037&dswid=6895},
  urldate = {2025-09-08},
  year    = {2021}
}

@misc{medina_edge_2019,
  author       = {Medina, Miguel},
  title        = {Edge Computing para IoT},
  howpublished = {\url{https://openaccess.uoc.edu/bitstream/10609/91207/7/mmedinabarTFM0119memoria.pdf}},
  year         = {2019},
  note         = {Accessed: 2025-09-08}
}

@misc{yuill_python_2006,
  author       = {Yuill, Scott and Halpin, Harry},
  title        = {Python},
  howpublished = {\url{https://citeseerx.ist.psu.edu/document?repid=rep1&type=pdf&doi=1f2ee3831eebfc97bfafd514ca2abb7e2c5c86bb}},
  year         = {2006},
  note         = {Accessed: 2025-09-08}
}

@misc{goldsborough_tour_2016,
  author  = {Goldsborough, Paul},
  title   = {A Tour of TensorFlow, Proseminar Data Mining},
  urldate = {2025-09-08},
  url     = {https://arxiv.org/pdf/1610.01178},
  year    = {2016}
}

@misc{sabo_nestjs_2020,
  author      = {Sabo, Matija},
  institution = {Josip Juraj Strossmayer University of Osijek, Departamento de Matemáticas},
  title       = {NestJS},
  urldate     = {2025-09-08},
  url         = {https://zir.nsk.hr/islandora/object/mathos:441},
  year        = {2020}
}

@misc{matas_introduccion_2024,
  author      = {Matas Soberón, José J.},
  institution = {Universitat de les Illes Balears},
  title       = {Una Introducción a las Cadenas de Markov y sus Aplicaciones},
  urldate     = {2025-09-08},
  url         = {https://dspace.uib.es/xmlui/bitstream/handle/11201/151803/Memoria_EPSU0697.pdf?sequence=1&isAllowed=y},
  year        = {2024}
}

@misc{bobadilla_cadenas_2010,
  author      = {Bobadilla Osses, Alan},
  institution = {Universidad de Valparaíso},
  title       = {Cadenas de Markov},
  urldate     = {2025-09-08},
  url         = {https://repositoriobibliotecas.uv.cl/serveruv/api/core/bitstreams/f4406bb7-5f33-4a41-8333-7d822360a0ed/content},
  year        = {2010}
}

@misc{hurtado_metodologia_2000,
  author  = {Hurtado, Jacqueline},
  title   = {Metodología de la investigación Holística},
  urldate = {2025-09-08},
  url     = {https://ayudacontextos.wordpress.com/wp-content/uploads/2018/04/jacqueline-hurtado-de-barrera-metodologia-de-investigacion-holistica.pdf},
  year    = {2000}
}

@misc{dubs_estrategia_2004,
  author      = {Dubs, R.},
  institution = {Universidad Pedagógica Experimental Libertador},
  title       = {Una Estrategia Metodológica para el Proyecto Factible},
  urldate     = {2025-09-08},
  url         = {https://historico.upel.edu.ve:81/revistas/index.php/entretemas/article/download/1032/363},
  year        = {2004}
}

@misc{asamblea_nacional_constituyente_constitucion_1999,
  author  = {{Asamblea Nacional Constituyente}},
  title   = {Constitución de la República Bolivariana de Venezuela},
  urldate = {2025-09-08},
  url     = {https://www.oas.org/dil/esp/constitucion_venezuela.pdf},
  year    = {1999}
}

@misc{republica_bolivariana_venezuela_ley_2001,
  author  = {{República Bolivariana de Venezuela}},
  title   = {Ley Especial contra Delitos Informáticos},
  urldate = {2025-09-08},
  url     = {https://www.oas.org/juridico/spanish/mesicic3_ven_anexo18.pdf},
  year    = {2001}
}

@misc{republica_bolivariana_venezuela_ley_mensajes_2001,
  author  = {{República Bolivariana de Venezuela}},
  title   = {Ley de Mensajes de Datos y Firmas Electrónicas},
  urldate = {2025-09-08},
  url     = {https://www.oas.org/juridico/spanish/mesicic3_ven_anexo19.pdf},
  year    = {2001}
}

@misc{covenin_norma_2005,
  author  = {{Comisión Venezolana de Normas Industriales (COVENIN)}},
  title   = {Norma COVENIN 2500-1: Sistemas electrónicos de seguridad – Requisitos generales},
  urldate = {2025-09-08},
  url     = {https://www.medicinalaboraldevenezuela.com.ve/normas_covenin.html},
  year    = {2005}
}

@misc{republica_bolivariana_venezuela_ley_organica_2010,
  author  = {{República Bolivariana de Venezuela}},
  title   = {Ley Orgánica de Telecomunicaciones},
  urldate = {2025-09-08},
  url     = {https://www.oas.org/juridico/spanish/cyb_ven_ley_telecomunicaciones.pdf},
  year    = {2010}
}

@misc{naciones_unidas_transformar_2015,
  author  = {{Naciones Unidas}},
  title   = {Transformar nuestro mundo: la Agenda 2030 para el Desarrollo Sostenible},
  urldate = {2025-09-08},
  url     = {https://www.un.org/sustainabledevelopment/es/},
  year    = {2015}
}

@misc{naciones_unidas_envejecimiento_2022,
  author  = {{Naciones Unidas}},
  title   = {Envejecimiento},
  urldate = {2025-09-08},
  url     = {https://www.un.org/es/global-issues/ageing},
  year    = {2022}
}

@misc{kaggle_yamnet_2024,
  author  = {{Kaggle}},
  title   = {YAMNet},
  urldate = {2025-09-08},
  url     = {https://www.kaggle.com/models/google/yamnet},
  year    = {2024}
}

@misc{alpha_cephei_vosk_2024,
  author  = {{Alpha Cephei}},
  title   = {Vosk models},
  urldate = {2025-09-08},
  url     = {https://alphacephei.com/vosk/models},
  year    = {2024}
}

@misc{apple_use_2023,
  author  = {{Apple}},
  title   = {Use Fall Detection with Apple Watch},
  urldate = {2025-09-08},
  url     = {https://support.apple.com/en-us/108896},
  year    = {2023}
}

@misc{carmona_enchufe_2024,
  author  = {Carmona, José A.},
  title   = {Un “enchufe” WiFi que avisa de caídas en casa. Este es el innovador invento que quiere ayudar a los mayores},
  urldate = {2025-09-08},
  url     = {https://www.xatakahome.com/seguridad-en-el-hogar/enchufe-wifi-que-avisa-caidas-casa-este-innovador-invento-que-quiere-ayudar-a-mayores},
  year    = {2024}
}

@misc{ralla_hallan_2024,
  author  = {Ralla, E.},
  title   = {Hallan el cadáver en Zaragoza de un hombre que llevaba muerto varios días en su casa},
  urldate = {2025-09-08},
  url     = {https://www.heraldo.es/noticias/aragon/zaragoza/2024/03/22/encuentran-cadaver-zaragoza-hombre-muerto-varios-dias-casa-1720901.html},
  year    = {2024}
}

@misc{upel_manual_2004,
  author  = {{UPEL}},
  title   = {Manual de Trabajos de Grado de Especialización y Maestría y Tesis Doctorales},
  urldate = {2025-09-08},
  url     = {https://fondoeditorialupel.com/manual-de-trabajos-de-grado-de-especializacion-y-maestria-y-tesis-doctorales/},
  year    = {2004}
}